<record xmlns="http://www.loc.gov/MARC21/slim">
   <leader>03469nam a2200433 a 4500</leader>
   <controlfield tag="001">6808732</controlfield>
   <controlfield tag="003">UtOrBLW</controlfield>
   <controlfield tag="005">20150213154312.0</controlfield>
   <controlfield tag="006">m     o  d        </controlfield>
   <controlfield tag="007">cr un|||||||||</controlfield>
   <controlfield tag="008">150213s2015    enk     o     000 0 eng d</controlfield>
   <datafield ind1=" " ind2=" " tag="020">
      <subfield code="a">9781784410636 (electronic bk.)</subfield>
   </datafield>
   <datafield ind1=" " ind2=" " tag="035">
      <subfield code="a">ocn903410561</subfield>
   </datafield>
   <datafield ind1=" " ind2=" " tag="039">
      <subfield code="a">exclude</subfield>
   </datafield>
   <datafield ind1=" " ind2=" " tag="040">
      <subfield code="a">UtOrBLW</subfield>
      <subfield code="d">AEU</subfield>
   </datafield>
   <datafield ind1=" " ind2="4" tag="050">
      <subfield code="a">LB14.7</subfield>
      <subfield code="b">.C37 2015</subfield>
   </datafield>
   <datafield ind1=" " ind2="7" tag="072">
      <subfield code="a">JNF</subfield>
      <subfield code="2">bicssc</subfield>
   </datafield>
   <datafield ind1=" " ind2="7" tag="072">
      <subfield code="a">JN</subfield>
      <subfield code="2">bicssc</subfield>
   </datafield>
   <datafield ind1=" " ind2="7" tag="072">
      <subfield code="a">EDU011000</subfield>
      <subfield code="2">bisacsh</subfield>
   </datafield>
   <datafield ind1=" " ind2="7" tag="072">
      <subfield code="a">EDU000000</subfield>
      <subfield code="2">bisacsh</subfield>
   </datafield>
   <datafield ind1=" " ind2=" " tag="080">
      <subfield code="a">37.01</subfield>
   </datafield>
   <datafield ind1="0" ind2="4" tag="082">
      <subfield code="a">370.1</subfield>
      <subfield code="2">23</subfield>
   </datafield>
   <datafield ind1=" " ind2=" " tag="090">
      <subfield code="a">Internet Access</subfield>
      <subfield code="b">AEU</subfield>
   </datafield>
   <datafield ind1="0" ind2="0" tag="245">
      <subfield code="a">Case study evaluation</subfield>
      <subfield code="h">[electronic resource] :</subfield>
      <subfield code="b">past, present and future challenges /</subfield>
      <subfield code="c">edited by Jill Russell, Trisha Greenhalgh, Saville Kushner.</subfield>
   </datafield>
   <datafield ind1=" " ind2=" " tag="260">
      <subfield code="a">Bingley, U.K. :</subfield>
      <subfield code="b">Emerald,</subfield>
      <subfield code="c">2015.</subfield>
   </datafield>
   <datafield ind1=" " ind2=" " tag="300">
      <subfield code="a">1 online resource (xv, 251 p.)</subfield>
   </datafield>
   <datafield ind1="1" ind2=" " tag="490">
      <subfield code="a">Advances in program evaluation,</subfield>
      <subfield code="x">1474-7863 ;</subfield>
      <subfield code="v">v. 15</subfield>
   </datafield>
   <datafield ind1="0" ind2=" " tag="505">
      <subfield code="a">Case study, methodology and educational evaluation: a personal view / Clement Adelman -- Letters from a headmaster / Barry MacDonald -- Storytelling and educational understanding / Terry Denny -- Case study as antidote to the literal / Saville Kushner -- Thinking about case studies in 3-D : researching the NHS clinical commissioning landscape in England / Julia Segar, Kath Checkland, Anna Coleman, Imelda McDermott -- The case for evaluating process and worth : evaluation of a programme for carers and people with dementia / Samantha Abbato -- The collapse of "primary care" in medical education : a case study of Michigan's community/university health partnerships project / Brian McKenna -- 'Lead' standard evaluation / David Jenkins -- Freedom from the rubric / Robert Stake -- Twice-told tales? How public inquiry could inform n of 1 case study research / Trisha Greenhalgh -- Evaluation as the co-construction of knowledge : case studies of place-based leadership and public sector innovation / Jo Howard, Arturo Flores, Robin Hambleton -- Evaluation noir : the other side of the experience / Acacia Cochise, Saville Kushner.</subfield>
   </datafield>
   <datafield ind1=" " ind2=" " tag="506">
      <subfield code="a">Access restricted to authorized users and institutions.</subfield>
   </datafield>
   <datafield ind1=" " ind2=" " tag="520">
      <subfield code="a">In todays world, with its preoccupation with impact assessments and results-based management, program evaluation is all too often framed as an affirmation of an official narrative rather than as a source of alternatives.  The power of case study is its insistence on opening up rather than suppressing the complexity of social programs, on documenting multiple voices and exploring contested viewpoints.  In this way, case study resists the trend towards evaluations that simply focus on what works, that reduce the complexity of social life to a single narrative, and to formulations that strip out most of what matters.  Now more than ever, as government policies and programs orientate to global economic crisis and its impact on the lives of citizens and communities, we require evaluations that resist information loss and produce richness.</subfield>
   </datafield>
   <datafield ind1=" " ind2=" " tag="596">
      <subfield code="a">44</subfield>
   </datafield>
   <datafield ind1=" " ind2="0" tag="650">
      <subfield code="a">Education</subfield>
      <subfield code="x">Evaluation.</subfield>
   </datafield>
   <datafield ind1="1" ind2=" " tag="700">
      <subfield code="a">Russell, Jill.</subfield>
   </datafield>
   <datafield ind1="1" ind2=" " tag="700">
      <subfield code="a">Greenhalgh, Trisha.</subfield>
   </datafield>
   <datafield ind1="1" ind2=" " tag="700">
      <subfield code="a">Kushner, Saville.</subfield>
   </datafield>
   <datafield ind1=" " ind2="0" tag="830">
      <subfield code="a">Advances in program evaluation ;</subfield>
      <subfield code="v">v. 15.</subfield>
   </datafield>
   <datafield ind1="4" ind2="0" tag="856">
      <subfield code="3">University of Alberta Access</subfield>
      <subfield code="u">http://www.emeraldinsight.com/1474-7863/15</subfield>
      <subfield code="z">(Unlimited Concurrent Users)</subfield>
   </datafield>
   <datafield ind1=" " ind2=" " tag="949">
      <subfield code="h">UAIN</subfield>
      <subfield code="z">EBS</subfield>
   </datafield>
   <datafield ind1=" " ind2=" " tag="926">
      <subfield code="a">Internet Access</subfield>
      <subfield code="w">LC</subfield>
      <subfield code="c">1</subfield>
      <subfield code="i">6808732-1001</subfield>
      <subfield code="l">INTERNET</subfield>
      <subfield code="m">UAINTERNET</subfield>
      <subfield code="r">Y</subfield>
      <subfield code="s">Y</subfield>
      <subfield code="t">E-RESOURCE</subfield>
      <subfield code="u">2/23/2015</subfield>
      <subfield code="x">E-BOOK</subfield>
      <subfield code="z">EBS</subfield>
   </datafield>
</record>
